

@book{dummett1984voting,
  title={Voting procedures},
  author={Dummett, Michael},
  year={1984},
  publisher={Oxford University Press}
}

@book{farrell2006australian,
  title={The Australian electoral system: origins, variations, and consequences},
  author={Farrell, David M and McAllister, Ian},
  year={2006},
  publisher={UNSW Press}
}

@article{kawai2013inferring,
  title={Inferring strategic voting},
  author={Kawai, Kei and Watanabe, Yasutora},
  journal={American Economic Review},
  volume={103},
  number={2},
  pages={624--62},
  year={2013}
}

@article{katz1999statistical,
  title={A statistical model for multiparty electoral data},
  author={Katz, Jonathan N and King, Gary},
  journal={American Political Science Review},
  volume={93},
  number={1},
  pages={15--32},
  year={1999},
  publisher={Cambridge University Press}
}

@unpublished{eggersternary,
  title={A diagram for analyzing elections that use ranked preferences},
  author={Eggers, A.C.},
  year={2019}
}


@article{ibbetsoncomment,
  title={Comment on Berrington, `The general election of 1964'},
  author={Ibbetson, D.},
  journal={Journal of the Royal Statistical Society. Series A (General)},
  volume={128},
  number={1},
  pages={54--55},
  year={1965},
  publisher={JSTOR}
}




@article{reilly1997preferential,
  title={Preferential voting and political engineering: A comparative study},
  author={Reilly, Ben},
  journal={Journal of Commonwealth \& Comparative Politics},
  volume={35},
  number={1},
  pages={1--19},
  year={1997},
  publisher={Taylor \& Francis}
}

@unpublished{eggersvotes,
  title={Who votes more strategically?},
  author={Eggers, Andrew C and Vivyan, Nick},
  year={2018}
}

@book{horowitz1992democratic,
  title={A democratic South Africa?: Constitutional engineering in a divided society},
  author={Horowitz, Donald L},
  volume={46},
  year={1992},
  publisher={Univ of California Press}
}

@article{horowitz2006strategy,
  title={Strategy takes a holiday: Fraenkel and Grofman on the alternative vote},
  author={Horowitz, Donald L},
  journal={Comparative Political Studies},
  volume={39},
  number={5},
  pages={652--662},
  year={2006},
  publisher={Sage Publications Sage CA: Thousand Oaks, CA}
}

@article{fraenkel2006does,
  title={Does the alternative vote foster moderation in ethnically divided societies? The case of Fiji},
  author={Fraenkel, Jon and Grofman, Bernard},
  journal={Comparative Political Studies},
  volume={39},
  number={5},
  pages={623--651},
  year={2006},
  publisher={Sage Publications Sage CA: Thousand Oaks, CA}
}

@article{fraenkel2004neo,
  title={A neo-Downsian model of the alternative vote as a mechanism for mitigating ethnic conflict in plural societies},
  author={Fraenkel, Jon and Grofman, Bernard},
  journal={Public Choice},
  volume={121},
  number={3-4},
  pages={487--506},
  year={2004},
  publisher={Springer}
}

@article{myerson1993theory,
  title={A theory of voting equilibria},
  author={Myerson, Roger B and Weber, Robert J},
  journal={American Political Science Review},
  volume={87},
  number={1},
  pages={102--114},
  year={1993},
  publisher={Cambridge University Press}
}


@article{bouton2015majority,
  title={Majority runoff elections: strategic voting and Duverger's hypothesis},
  author={Bouton, Laurent and Gratton, Gabriele},
  journal={Theoretical Economics},
  volume={10},
  number={2},
  pages={283--314},
  year={2015},
  publisher={Wiley Online Library}
}

@article{dowding2008praise,
  title={In praise of manipulation},
  author={Dowding, Keith and Van Hees, Martin},
  journal={British Journal of Political Science},
  volume={38},
  number={1},
  pages={1--15},
  year={2008},
  publisher={Cambridge University Press}
}

@article{chamberlin1985investigation,
  title={An investigation into the relative manipulability of four voting systems},
  author={Chamberlin, John R},
  journal={Behavioral Science},
  volume={30},
  number={4},
  pages={195--203},
  year={1985},
  publisher={Wiley Online Library}
}

@article{nitzan1985vulnerability,
  title={The vulnerability of point-voting schemes to preference variation and strategic manipulation},
  author={Nitzan, Shmuel},
  journal={Public choice},
  volume={47},
  number={2},
  pages={349--370},
  year={1985},
  publisher={Springer}
}

@article{bartholdi1989computational,
  title={The computational difficulty of manipulating an election},
  author={Bartholdi, John J and Tovey, Craig A and Trick, Michael A},
  journal={Social Choice and Welfare},
  volume={6},
  number={3},
  pages={227--241},
  year={1989},
  publisher={Springer}
}

@article{bartholdi1991single,
  title={Single transferable vote resists strategic voting},
  author={Bartholdi, John J and Orlin, James B},
  journal={Social Choice and Welfare},
  volume={8},
  number={4},
  pages={341--354},
  year={1991},
  publisher={Springer}
}

@article{ornstein2014frequency,
  title={Frequency of monotonicity failure under Instant Runoff Voting: estimates based on a spatial model of elections},
  author={Ornstein, Joseph T and Norman, Robert Z},
  journal={Public Choice},
  volume={161},
  number={1-2},
  pages={1--9},
  year={2014},
  publisher={Springer}
}

@article{saari1990susceptibility,
  title={Susceptibility to manipulation},
  author={Saari, Donald G},
  journal={Public Choice},
  volume={64},
  number={1},
  pages={21--41},
  year={1990},
  publisher={Springer}
}

@article{plassmann2014frequently,
  title={How frequently do different voting rules encounter voting paradoxes in three-candidate elections?},
  author={Plassmann, Florenz and Tideman, T Nicolaus},
  journal={Social Choice and Welfare},
  volume={42},
  number={1},
  pages={31--75},
  year={2014},
  publisher={Springer}
}

@article{miller2017closeness,
  title={Closeness matters: monotonicity failure in IRV elections with three candidates},
  author={Miller, Nicholas R},
  journal={Public Choice},
  volume={173},
  number={1-2},
  pages={91--108},
  year={2017},
  publisher={Springer}
}
@article{favardin2006some,
  title={Some further results on the manipulability of social choice rules},
  author={Favardin, Pierre and Lepelley, Dominique},
  journal={Social Choice and Welfare},
  volume={26},
  number={3},
  pages={485--509},
  year={2006},
  publisher={Springer}
}


@article{bouton2013theory,
  title={A theory of strategic voting in runoff elections},
  author={Bouton, Laurent},
  journal={American Economic Review},
  volume={103},
  number={4},
  pages={1248--88},
  year={2013}
}

@book{cox1997making,
  title={Making votes count: strategic coordination in the world's electoral systems},
  author={Cox, Gary W},
  year={1997},
  publisher={Cambridge University Press}
}

@techreport{renwick2011alternative,
  title={The alternative vote: a briefing paper},
  author={Renwick, Alan},
  year={2011},
  publisher={Political Studies Association}
}

@article{messner2007strong,
  title={Strong and coalition-proof political equilibria under plurality and runoff rule},
  author={Messner, Matthias and Polborn, Mattias K},
  journal={International Journal of Game Theory},
  volume={35},
  number={2},
  pages={287--314},
  year={2007},
  publisher={Springer}
}

@techreport{frigyik2010introduction,
  title={Introduction to the Dirichlet distribution and related processes},
  author={Frigyik, Bela A and Kapila, Amol and Gupta, Maya R},
  year={2010},
  institution={Department of Electrical Engineering, University of Washington},
  type={UWEE Technical Report},
  number={UWEETR-2010-0006}
}

@article{fishburn1983paradoxes,
  title={Paradoxes of preferential voting},
  author={Fishburn, Peter C and Brams, Steven J},
  journal={Mathematics Magazine},
  volume={56},
  number={4},
  pages={207--214},
  year={1983},
  publisher={JSTOR}
}


@article{myatt2007theory,
  title={On the theory of strategic voting},
  author={Myatt, David P},
  journal={The Review of Economic Studies},
  volume={74},
  number={1},
  pages={255--281},
  year={2007},
  publisher={Wiley-Blackwell}
}

@article{fishburn1984manipulability,
  title={Manipulability of voting by sincere truncation of preferences},
  author={Fishburn, Peter C and Brams, Steven J},
  journal={Public Choice},
  volume={44},
  number={3},
  pages={397--410},
  year={1984},
  publisher={Springer}
}


@article{messner2007strong,
  title={Strong and coalition-proof political equilibria under plurality and runoff rule},
  author={Messner, Matthias and Polborn, Mattias K},
  journal={International Journal of Game Theory},
  volume={35},
  number={2},
  pages={287--314},
  year={2007},
  publisher={Springer}
}

@article{fisher2017strategic,
  title={Strategic voting in plurality rule elections},
  author={Fisher, Stephen D and Myatt, D},
  journal={Mimeo},
  year={2017}
}

@article{dewan2007leading,
  title={Leading the party: Coordination, direction, and communication},
  author={Dewan, Torun and Myatt, David P},
  journal={American Political Science Review},
  volume={101},
  number={4},
  pages={827--845},
  year={2007},
  publisher={Cambridge University Press}
}

@article{radner1980collusive,
  title={Collusive behavior in noncooperative epsilon-equilibria of oligopolies with long but finite lives},
  author={Radner, Roy},
  journal={Journal of Economic Theory},
  volume={22},
  number={2},
  pages={136--154},
  year={1980},
  publisher={Elsevier}
}


@article{bouton2017multicandidate,
  title={Multicandidate elections: Aggregate uncertainty in the laboratory},
  author={Bouton, Laurent and Castanheira, Micael and Llorente-Saguer, Aniol},
  journal={Games and economic behavior},
  volume={101},
  pages={132--150},
  year={2017},
  publisher={Elsevier}
}

@article{fey1997stability,
  title={Stability and coordination in Duverger's law: A formal model of preelection polls and strategic voting},
  author={Fey, Mark},
  journal={American Political Science Review},
  volume={91},
  number={1},
  pages={135--147},
  year={1997},
  publisher={Cambridge University Press}
}
